<record><leader>00000cas a2200000 a 4500</leader><controlfield tag="001">46451019</controlfield><controlfield tag="008">010314d1814181uohuwr ne      0    0eng c</controlfield><datafield ind1=" " ind2=" " tag="010"><subfield code="a">sn2001062000</subfield></datafield><datafield ind1=" " ind2=" " tag="040"><subfield code="a">NYS</subfield><subfield code="b">eng</subfield><subfield code="c">NYS</subfield><subfield code="d">OCLCQ</subfield><subfield code="d">OCLCF</subfield></datafield><datafield ind1=" " ind2=" " tag="042"><subfield code="a">pcc</subfield></datafield><datafield ind1=" " ind2=" " tag="043"><subfield code="a">n-us-oh</subfield></datafield><datafield ind1="0" ind2=" " tag="130"><subfield code="a">Spirit of liberty (Urbana, Ohio : 1814)</subfield></datafield><datafield ind1="1" ind2="0" tag="245"><subfield code="a">Spirit of liberty.</subfield></datafield><datafield ind1=" " ind2=" " tag="260"><subfield code="a">Urbana, (Ohio) :</subfield><subfield code="b">Fithian &amp; Poff,</subfield><subfield code="c">1814-</subfield></datafield><datafield ind1=" " ind2=" " tag="300"><subfield code="a">v.</subfield></datafield><datafield ind1=" " ind2=" " tag="310"><subfield code="a">Weekly</subfield></datafield><datafield ind1="0" ind2=" " tag="362"><subfield code="a">Vol. 2, no. 79 (Feb. 1, 1814)-</subfield></datafield><datafield ind1=" " ind2="0" tag="651"><subfield code="a">Urbana (Ohio)</subfield><subfield code="v">Newspapers.</subfield></datafield><datafield ind1=" " ind2="0" tag="651"><subfield code="a">Champaign County (Ohio)</subfield><subfield code="v">Newspapers.</subfield></datafield><datafield ind1=" " ind2="7" tag="655"><subfield code="a">Newspapers.</subfield><subfield code="2">fast</subfield><subfield code="0">(OCoLC)fst01423814</subfield></datafield><datafield ind1=" " ind2="7" tag="651"><subfield code="a">Ohio</subfield><subfield code="z">Champaign County.</subfield><subfield code="2">fast</subfield><subfield code="0">(OCoLC)fst01209892</subfield></datafield><datafield ind1=" " ind2="7" tag="651"><subfield code="a">Ohio</subfield><subfield code="z">Urbana.</subfield><subfield code="2">fast</subfield><subfield code="0">(OCoLC)fst01231964</subfield></datafield><datafield ind1=" " ind2=" " tag="752"><subfield code="a">United States</subfield><subfield code="b">Ohio</subfield><subfield code="c">Champaign</subfield><subfield code="d">Urbana.</subfield></datafield><datafield ind1="0" ind2="0" tag="780"><subfield code="t">Farmer's watch-tower</subfield><subfield code="w">(DLC)sn 85026399</subfield><subfield code="w">(OCoLC)12202492</subfield></datafield></record>